@misc{Tcl,
	author = {{Colaboradores de los proyectos Wikimedia}},
	title = {{Tcl - Wikipedia, la enciclopedia libre}},
	year = {2020},
	month = {Apr},
	note = {[Online; accessed 24. Jun. 2021]},
	url = {https://es.wikipedia.org/w/index.php?title=Tcl&oldid=125315869}
}
