@misc{Acconeer2021,
	title = {{Radar sensor introduction {\ifmmode---\else\textemdash\fi} acconeer-python-exploration documentation}},
	year = {2021},
	month = {Jan},
	note = {[Online; accessed 11. Jan. 2022]},
	url = {https://acconeer-python-exploration.readthedocs.io/en/latest/sensor_introduction.html}
}

@misc{Facade,
	title = {{Facade en Python / Patrones de dise{\ifmmode\tilde{n}\else\~{n}\fi}o}},
	year = {2022},
	month = dec,
	note = {[Online; accessed 16. Dec. 2022]},
	url = {https://refactoring.guru/es/design-patterns/facade/python/example}
}